% This file was created with JabRef 2.7b.
% Encoding: UTF-8

@BOOK{Hertzberg2012,
  title = {Mobile Roboter: eine Einfu\"{u}hrung aus Sicht der Informatik},
  publisher = {Springer Vieweg},
  year = {2012},
  author = {Joachim Hertzberg AND Kai Lingemann AND Andreas N\"{u}chter},
  series = {eXamen.press},
  address = {Berlin [u.a.]},
  note = {X, 389 S. : zahlr. Ill. und graph. Darst.},
  __markedentry = {[josef:]},
  isbn = {9783642017254},
  keywords = {Mobiler Roboter; Sensortechnik; Messwertverarbeitung; Bahnplanung;
	Lokalisierung / Robotik; Automatische Kartierung; Mobiler Roboter;
	},
  owner = {josef},
  timestamp = {2013.06.14},
  url = {http://katalog.suub.uni-bremen.de/DB=1/LNG=DU/CMD?ACT=SRCHA&amp;IKT=8000&amp;TRM=94903525*}
}

@BOOK{Thrun2006,
  title = {Probabilistic robotics},
  publisher = {MIT Press},
  year = {2006},
  author = {Sebastian Thrun AND Dieter Fox AND Wolfram Burgard},
  series = {Intelligent robotics and autonomous agents},
  address = {Cambridge, Mass. [u.a.]},
  note = {XX, 647 S. : Ill., graph. Darst.},
  __markedentry = {[josef:6]},
  isbn = {0262201623 and 9780262201629},
  keywords = {Wahrscheinlichkeit; Robotik; Robotik; Probabilistischer Algorithmus;
	Robotik; Mobiler Roboter; Probabilistisches SchlieÃen; Maschinelles
	Lernen; },
  owner = {josef},
  timestamp = {2013.06.14},
  url = {http://katalog.suub.uni-bremen.de/DB=1/LNG=DU/CMD?ACT=SRCHA&amp;IKT=8000&amp;TRM=73877296*}
}

@comment{jabref-meta: selector_publisher:}

@comment{jabref-meta: selector_author:}

@comment{jabref-meta: selector_journal:}

@comment{jabref-meta: selector_keywords:}

